@book{referenzwerk,
    title = {From Groups to Geometry and Back},
    author = {Vaughn Climenhaga and Anatole Katok},
    year = {2017},
    isbn = {9781470434793},
    publisher = {American Mathematical Society},
}